@phdthesis{gelbart2015constrained,
	  title={Constrained Bayesian Optimization and Applications},
	    author={Gelbart, Michael Adam},
	      year={2015}
}
@inproceedings{vellanki2017process,
  title={Process-constrained batch Bayesian optimisation},
  author={Vellanki, Pratibha and Rana, Santu and Gupta, Sunil and Rubin, David and Sutti, Alessandra and Dorin, Thomas and Height, Murray and Sanders, Paul and Venkatesh, Svetha},
  booktitle={Advances in Neural Information Processing Systems},
  pages={3417--3426},
  year={2017}
}
}
@inproceedings{snoek2012practical,
  title={Practical bayesian optimization of machine learning algorithms},
  author={Snoek, Jasper and Larochelle, Hugo and Adams, Ryan P},
  booktitle={Advances in neural information processing systems},
  pages={2951--2959},
  year={2012}
}
@inproceedings{joy2016hyperparameter,
  title={Hyperparameter tuning for big data using Bayesian optimisation},
  author={Joy, Tinu Theckel and Rana, Santu and Gupta, Sunil and Venkatesh, Svetha},
  booktitle={Pattern Recognition (ICPR), 2016 23rd International Conference on},
  pages={2574--2579},
  year={2016},
  organization={IEEE}
}
@inproceedings{tesch2013expensive,
  title={Expensive multiobjective optimization for robotics},
  author={Tesch, Matthew and Schneider, Jeff and Choset, Howie},
  booktitle={Robotics and Automation (ICRA), 2013 IEEE International Conference on},
  pages={973--980},
  year={2013},
  organization={IEEE}
}
@article{li2017rapid,
  title={Rapid Bayesian optimisation for synthesis of short polymer fiber materials},
  author={Li, Cheng and de Celis Leal, David Rub{\'\i}n and Rana, Santu and Gupta, Sunil and Sutti, Alessandra and Greenhill, Stewart and Slezak, Teo and Height, Murray and Venkatesh, Svetha},
  journal={Scientific reports},
  volume={7},
  number={1},
  pages={5683},
  year={2017},
  publisher={Nature Publishing Group}
}
@article{couckuyt2014fast,
  title={Fast calculation of multiobjective probability of improvement and expected improvement criteria for Pareto optimization},
  author={Couckuyt, Ivo and Deschrijver, Dirk and Dhaene, Tom},
  journal={Journal of Global Optimization},
  volume={60},
  number={3},
  pages={575--594},
  year={2014},
  publisher={Springer}
}
@inproceedings{shah2016pareto,
  title={Pareto frontier learning with expensive correlated objectives},
  author={Shah, Amar and Ghahramani, Zoubin},
  booktitle={International Conference on Machine Learning},
  pages={1919--1927},
  year={2016}
}
@inproceedings{calandra2014pareto,
  title={Pareto front modeling for sensitivity analysis in multi-objective Bayesian optimization},
  author={Calandra, Roberto and Peters, Jan and Deisenrothy, MP},
  booktitle={NIPS Workshop on Bayesian Optimization},
  volume={5},
  year={2014}
}
@book{rasmussen2006gaussian,
  title={Gaussian processes for machine learning},
  author={Rasmussen, Carl Edward and Williams, Christopher KI},
  volume={1},
  year={2006},
  publisher={MIT press Cambridge}
}
@book{pardalos2017non,
  title={Non-convex multi-objective optimization},
  author={Pardalos, Panos M and {\v{Z}}ilinskas, Antanas and {\v{Z}}ilinskas, Julius},
  volume={123},
  year={2017},
  publisher={Springer}
}
@inproceedings{MajidPaper2018,
  title={Expected Hypervolume Improvement with Constraints},
  author={Abdolshah, Majid and Shilton, Alistair and Rana, Santu and Gupta, Sunil and Venkatesh, Svetha},
  booktitle={Pattern Recognition (ICPR), 2018 25rd International Conference on},
  pages={},
  year={2018},
  organization={IEEE}
@article{gelbart2014bayesian,
  title={Bayesian optimization with unknown constraints},
  author={Gelbart, Michael A and Snoek, Jasper and Adams, Ryan P},
  journal={arXiv preprint arXiv:1403.5607},
  year={2014}
}
@inproceedings{lizotte2007automatic,
  title={Automatic Gait Optimization with Gaussian Process Regression.},
  author={Lizotte, Daniel J and Wang, Tao and Bowling, Michael H and Schuurmans, Dale},
  booktitle={IJCAI},
  volume={7},
  pages={944--949},
  year={2007}
}
@inproceedings{martinez2007active,
  title={Active Policy Learning for Robot Planning and Exploration under Uncertainty.},
  author={Martinez-Cantin, Ruben and de Freitas, Nando and Doucet, Arnaud and Castellanos, Jos{\'e} A},
  booktitle={Robotics: Science and Systems},
  volume={3},
  pages={334--341},
  year={2007}
}
@inproceedings{marchant2012bayesian,
  title={Bayesian optimisation for intelligent environmental monitoring},
  author={Marchant, Roman and Ramos, Fabio},
  booktitle={Intelligent Robots and Systems (IROS), 2012 IEEE/RSJ International Conference on},
  pages={2242--2249},
  year={2012},
  organization={IEEE}
}
@inproceedings{brochu2010bayesian,
  title={A Bayesian interactive optimization approach to procedural animation design},
  author={Brochu, Eric and Brochu, Tyson and de Freitas, Nando},
  booktitle={Proceedings of the 2010 ACM SIGGRAPH/Eurographics Symposium on Computer Animation},
  pages={103--112},
  year={2010},
  organization={Eurographics Association}
}
@inproceedings{wang2014bayesian,
  title={Bayesian Multi- Scale Optimistic Optimization},
  author={Wang, Ziyu and Shakibi, Babak and Jin, Lin and de Freitas, Nando},
  booktitle={Artificial Intelligence and Statistics (AISTATS)},
  year={2014}
}
@inproceedings{wang2013bayesian,
  title={Bayesian Optimization in High Dimensions via Random Embeddings.},
  author={Wang, Ziyu and Zoghi, Masrour and Hutter, Frank and Matheson, David and De Freitas, Nando and others},
  booktitle={IJCAI},
  pages={1778--1784},
  year={2013}
}
@inproceedings{hutter2011sequential,
  title={Sequential model-based optimization for general algorithm configuration},
  author={Hutter, Frank and Hoos, Holger H and Leyton-Brown, Kevin},
  booktitle={International Conference on Learning and Intelligent Optimization},
  pages={507--523},
  year={2011},
  organization={Springer}
}
@article{brochu2010tutorial,
  title={A tutorial on Bayesian optimization of expensive cost functions, with application to active user modeling and hierarchical reinforcement learning},
  author={Brochu, Eric and Cora, Vlad M and De Freitas, Nando},
  journal={arXiv preprint arXiv:1012.2599},
  year={2010}
}
@inproceedings{garnett2010bayesian,
  title={Bayesian optimization for sensor set selection},
  author={Garnett, Roman and Osborne, Michael A and Roberts, Stephen J},
  booktitle={Proceedings of the 9th ACM/IEEE International Conference on Information Processing in Sensor Networks},
  pages={209--219},
  year={2010},
  organization={ACM}
}
@inproceedings{thornton2013auto,
  title={Auto-WEKA: Combined selection and hyperparameter optimization of classification algorithms},
  author={Thornton, Chris and Hutter, Frank and Hoos, Holger H and Leyton-Brown, Kevin},
  booktitle={Proceedings of the 19th ACM SIGKDD international conference on Knowledge discovery and data mining},
  pages={847--855},
  year={2013},
  organization={ACM}
}
@inproceedings{snoek2012practical,
  title={Practical bayesian optimization of machine learning algorithms},
  author={Snoek, Jasper and Larochelle, Hugo and Adams, Ryan P},
  booktitle={Advances in neural information processing systems},
  pages={2951--2959},
  year={2012}
}
@inproceedings{hoffman2014correlation,
  title={On correlation and budget constraints in model-based bandit optimization with application to automatic machine learning},
  author={Hoffman, Matthew and Shahriari, Bobak and Freitas, Nando},
  booktitle={Artificial Intelligence and Statistics},
  pages={365--374},
  year={2014}
}
@article{garnett2013active,
  title={Active learning of linear embeddings for Gaussian processes},
  author={Garnett, Roman and Osborne, Michael A and Hennig, Philipp},
  journal={arXiv preprint arXiv:1310.6740},
  year={2013}
}
@article{shahriari2016taking,
  title={Taking the human out of the loop: A review of bayesian optimization},
  author={Shahriari, Bobak and Swersky, Kevin and Wang, Ziyu and Adams, Ryan P and De Freitas, Nando},
  journal={Proceedings of the IEEE},
  volume={104},
  number={1},
  pages={148--175},
  year={2016},
  publisher={IEEE}
}
@inproceedings{gardner2014bayesian,
  title={Bayesian Optimization with Inequality Constraints.},
  author={Gardner, Jacob R and Kusner, Matt J and Xu, Zhixiang Eddie and Weinberger, Kilian Q and Cunningham, John P},
  booktitle={ICML},
  pages={937--945},
  year={2014}
}
@inproceedings{zuluaga2013active,
  title={Active learning for multi-objective optimization},
  author={Zuluaga, Marcela and Sergent, Guillaume and Krause, Andreas and P{\"u}schel, Markus},
  booktitle={International Conference on Machine Learning},
  pages={462--470},
  year={2013}
}
@article{campigotto2014active,
  title={Active learning of Pareto fronts},
  author={Campigotto, Paolo and Passerini, Andrea and Battiti, Roberto},
  journal={IEEE transactions on neural networks and learning systems},
  volume={25},
  number={3},
  pages={506--519},
  year={2014},
  publisher={IEEE}
}
@inproceedings{wu2017adaptive,
  title={Adaptive weights generation for decomposition-based multi-objective optimization using Gaussian process regression},
  author={Wu, Mengyuan and Kwong, Sam and Jia, Yuheng and Li, Ke and Zhang, Qingfu},
  booktitle={Proceedings of the Genetic and Evolutionary Computation Conference},
  pages={641--648},
  year={2017},
  organization={ACM}
}
@inproceedings{hussein2016generative,
  title={A generative kriging surrogate model for constrained and unconstrained multi-objective optimization},
  author={Hussein, Rayan and Deb, Kalyanmoy},
  booktitle={Proceedings of the Genetic and Evolutionary Computation Conference 2016},
  pages={573--580},
  year={2016},
  organization={ACM}
}
@article{xia2014multi,
  title={A multi-objective optimization method based on Gaussian process simultaneous modeling for quality control in sheet metal forming},
  author={Xia, Wei and Yang, Huan and Liao, Xiao-ping and Zeng, Jian-min},
  journal={The International Journal of Advanced Manufacturing Technology},
  volume={72},
  number={9-12},
  pages={1333--1346},
  year={2014},
  publisher={Springer}
}
@article{dai2017novel,
  title={A novel harmony search algorithm with gaussian mutation for multi-objective optimization},
  author={Dai, Xiangshan and Yuan, Xiaofang and Wu, Lianghong},
  journal={Soft Computing},
  volume={21},
  number={6},
  pages={1549--1567},
  year={2017},
  publisher={Springer}
}
@article{datta2016surrogate,
  title={A surrogate-assisted evolution strategy for constrained multi-objective optimization},
  author={Datta, Rituparna and Regis, Rommel G},
  journal={Expert Systems with Applications},
  volume={57},
  pages={270--284},
  year={2016},
  publisher={Elsevier}
}
@article{cho2017survey,
  title={A Survey on Modeling and Optimizing Multi-Objective Systems},
  author={Cho, Jin-Hee and Wang, Yating and Chen, Ray and Chan, Kevin S and Swami, Ananthram},
  journal={IEEE Communications Surveys \& Tutorials},
  volume={19},
  number={3},
  pages={1867--1901},
  year={2017},
  publisher={IEEE}
}
@article{hupkens2014faster,
  title={Faster computation of expected hypervolume improvement},
  author={Hupkens, Iris and Emmerich, Michael and Deutz, Andr{\'e}},
  journal={arXiv preprint arXiv:1408.7114},
  year={2014}
}
@article{busa2017multi,
  title={Multi-objective Bandits: Optimizing the Generalized Gini Index},
  author={Busa-Fekete, Robert and Szorenyi, Balazs and Weng, Paul and Mannor, Shie},
  journal={arXiv preprint arXiv:1706.04933},
  year={2017}
}
@inproceedings{pirotta2015multi,
  title={Multi-objective reinforcement learning with continuous pareto frontier approximation},
  author={Pirotta, Matteo and Parisi, Simone and Restelli, Marcello},
  booktitle={29th AAAI Conference on Artificial Intelligence, AAAI 2015 and the 27th Innovative Applications of Artificial Intelligence Conference, IAAI 2015},
  pages={2928--2934},
  year={2015},
  organization={AAAI Press}
}
@inproceedings{shah2016pareto,
  title={Pareto frontier learning with expensive correlated objectives},
  author={Shah, Amar and Ghahramani, Zoubin},
  booktitle={International Conference on Machine Learning},
  pages={1919--1927},
  year={2016}
}
@inproceedings{calandra2014pareto,
  title={Pareto front modeling for sensitivity analysis in multi-objective bayesian optimization},
  author={Calandra, Roberto and Peters, Jan and Deisenrothy, MP},
  booktitle={NIPS Workshop on Bayesian Optimization},
  volume={5},
  year={2014}
}
@inproceedings{hernandez2016predictive,
  title={Predictive entropy search for multi-objective bayesian optimization},
  author={Hern{\'a}ndez-Lobato, Daniel and Hernandez-Lobato, Jose and Shah, Amar and Adams, Ryan},
  booktitle={International Conference on Machine Learning},
  pages={1492--1501},
  year={2016}
}
@inproceedings{zitzler2007hypervolume,
  title={The hypervolume indicator revisited: On the design of Pareto-compliant indicators via weighted integration},
  author={Zitzler, Eckart and Brockhoff, Dimo and Thiele, Lothar},
  booktitle={International Conference on Evolutionary Multi-Criterion Optimization},
  pages={862--876},
  year={2007},
  organization={Springer}
}
@inproceedings{lin2017efficient,
  title={An efficient batch expensive multi-objective evolutionary algorithm based on Decomposition},
  author={Lin, Xi and Zhang, Qingfu and Kwong, Sam},
  booktitle={Evolutionary Computation (CEC), 2017 IEEE Congress on},
  pages={1343--1349},
  year={2017},
  organization={IEEE}
}
@article{jiang2015simple,
  title={A simple and fast hypervolume indicator-based multiobjective evolutionary algorithm},
  author={Jiang, Siwei and Zhang, Jie and Ong, Yew-Soon and Zhang, Allan N and Tan, Puay Siew},
  journal={IEEE Transactions on Cybernetics},
  volume={45},
  number={10},
  pages={2202--2213},
  year={2015},
  publisher={IEEE}
}
@article{deb2002fast,
  title={A fast and elitist multiobjective genetic algorithm: NSGA-II},
  author={Deb, Kalyanmoy and Pratap, Amrit and Agarwal, Sameer and Meyarivan, TAMT},
  journal={IEEE transactions on evolutionary computation},
  volume={6},
  number={2},
  pages={182--197},
  year={2002},
  publisher={IEEE}
}
@article{zitzler2001spea2,
  title={SPEA2: Improving the strength Pareto evolutionary algorithm},
  author={Zitzler, Eckart and Laumanns, Marco and Thiele, Lothar},
  journal={TIK-report},
  volume={103},
  year={2001},
  publisher={Eidgen{\"o}ssische Technische Hochschule Z{\"u}rich (ETH), Institut f{\"u}r Technische Informatik und Kommunikationsnetze (TIK)}
}
@article{feliot2017bayesian,
  title={A Bayesian approach to constrained single-and multi-objective optimization},
  author={Feliot, Paul and Bect, Julien and Vazquez, Emmanuel},
  journal={Journal of Global Optimization},
  volume={67},
  number={1-2},
  pages={97--133},
  year={2017},
  publisher={Springer}
}
@article{garrido2016predictive,
  title={Predictive Entropy Search for Multi-objective Bayesian Optimization with Constraints},
  author={Garrido-Merch{\'a}n, Eduardo C and Hern{\'a}ndez-Lobato, Daniel},
  journal={arXiv preprint arXiv:1609.01051},
  year={2016}
}
@article{oyama2007new,
  title={New constraint-handling method for multi-objective and multi-constraint evolutionary optimization},
  author={Oyama, Akira and Shimoyama, Koji and Fujii, Kozo},
  journal={Transactions of the Japan Society for Aeronautical and Space Sciences},
  volume={50},
  number={167},
  pages={56--62},
  year={2007},
  publisher={THE JAPAN SOCIETY FOR AERONAUTICAL AND SPACE SCIENCES}
}
@inproceedings{kukkonen2007ranking,
  title={Ranking-dominance and many-objective optimization},
  author={Kukkonen, Saku and Lampinen, Jouni},
  booktitle={Evolutionary Computation, 2007. CEC 2007. IEEE Congress on},
  pages={3983--3990},
  year={2007},
  organization={IEEE}
}
@inproceedings{wilson2013gaussian,
  title={Gaussian process kernels for pattern discovery and extrapolation},
  author={Wilson, Andrew and Adams, Ryan},
  booktitle={International Conference on Machine Learning},
  pages={1067--1075},
  year={2013}
}
@incollection{rasmussen2004gaussian,
  title={Gaussian processes in machine learning},
  author={Rasmussen, Carl Edward},
  booktitle={Advanced lectures on machine learning},
  pages={63--71},
  year={2004},
  publisher={Springer}
}
@article{schulz2017tutorial,
  title={A tutorial on Gaussian process regression: Modelling, exploring, and exploiting functions},
  author={Schulz, Eric and Speekenbrink, Maarten and Krause, Andreas},
  journal={bioRxiv},
  pages={095190},
  year={2017},
  publisher={Cold Spring Harbor Laboratory}
}
@article{srinivas2009gaussian,
  title={Gaussian process optimization in the bandit setting: No regret and experimental design},
  author={Srinivas, Niranjan and Krause, Andreas and Kakade, Sham M and Seeger, Matthias},
  journal={arXiv preprint arXiv:0912.3995},
  year={2009}
}
@article{hernandez2015predictive,
  title={Predictive entropy search for bayesian optimization with unknown constraints},
  author={Hern{\'a}ndez-Lobato, Jos{\'e} Miguel and Gelbart, Michael A and Hoffman, Matthew W and Adams, Ryan P and Ghahramani, Zoubin},
  year={2015}
}
@book{rousis2011pareto,
  title={A Pareto frontier intersection-based approach for efficient multiobjective optimization of competing concept alternatives},
  author={Rousis, Damon A},
  year={2011},
  publisher={Georgia Institute of Technology}
}
@article{emmerich2008computation,
  title={The computation of the expected improvement in dominated hypervolume of Pareto front approximations},
  author={Emmerich, Michael and Klinkenberg, Jan-willem},
  journal={Rapport technique, Leiden University},
  volume={34},
  year={2008}
}
@inproceedings{laumanns2000unified,
  title={A unified model for multi-objective evolutionary algorithms with elitism},
  author={Laumanns, Marco and Zitzler, Eckart and Thiele, Lothar},
  booktitle={Evolutionary Computation, 2000. Proceedings of the 2000 Congress on},
  volume={1},
  pages={46--53},
  year={2000},
  organization={IEEE}
}
@article{hernandez2016general,
  title={A general framework for constrained Bayesian optimization using information-based search},
  author={Hern{\'a}ndez-Lobato, Jos{\'e} Miguel and Gelbart, Michael A and Adams, Ryan P and Hoffman, Matthew W and Ghahramani, Zoubin},
  year={2016},
  publisher={Journal of Machine Learning Research}
}
@article{emmerich2006single,
  title={Single-and multiobjective evolutionary optimization assisted by Gaussian random field metamodels},
  author={Emmerich, Michael TM and Giannakoglou, Kyriakos C and Naujoks, Boris},
  journal={IEEE Transactions on Evolutionary Computation},
  volume={10},
  number={4},
  pages={421--439},
  year={2006},
  publisher={IEEE}
}
@article{jin2011surrogate,
  title={Surrogate-assisted evolutionary computation: Recent advances and future challenges},
  author={Jin, Yaochu},
  journal={Swarm and Evolutionary Computation},
  volume={1},
  number={2},
  pages={61--70},
  year={2011},
  publisher={Elsevier}
}
@incollection{barbera2004ranking,
  title={Ranking sets of objects},
  author={Barber{\`a}, Salvador and Bossert, Walter and Pattanaik, Prasanta K},
  booktitle={Handbook of utility theory},
  pages={893--977},
  year={2004},
  publisher={Springer}
}
@inproceedings{lapeyre2013poppy,
  title={The poppy humanoid robot: Leg design for biped locomotion},
  author={Lapeyre, Matthieu and Rouanet, Pierre and Oudeyer, Pierre-Yves},
  booktitle={Intelligent Robots and Systems (IROS), 2013 IEEE/RSJ International Conference on},
  pages={349--356},
  year={2013},
  organization={IEEE}
}
@inproceedings{ly2011bio,
  title={Bio-inspired vertebral column, compliance and semi-passive dynamics in a lightweight humanoid robot},
  author={Ly, Olivier and Lapeyre, Matthieu and Oudeyer, Pierre-Yves},
  booktitle={Intelligent Robots and Systems (IROS), 2011 IEEE/RSJ International Conference on},
  pages={1465--1472},
  year={2011},
  organization={IEEE}
}

@article{hughes1990importance,
  title={The importance of the toes in walking},
  author={Hughes, Janey and Clark, Peter and Klenerman, Leslie},
  journal={Bone \& Joint Journal},
  volume={72},
  number={2},
  pages={245--251},
  year={1990},
  publisher={Bone and Joint Journal}
}

@inproceedings{sellaouti2006faster,
  title={Faster and smoother walking of humanoid HRP-2 with passive toe joints},
  author={Sellaouti, Ramzi and Stasse, Olivier and Kajita, Shuuji and Yokoi, Kazuhito and Kheddar, Abderrahmane},
  booktitle={Intelligent Robots and Systems, 2006 IEEE/RSJ International Conference on},
  pages={4909--4914},
  year={2006},
  organization={IEEE}
}

@article{pautrat2017bayesian,
  title={Bayesian Optimization with Automatic Prior Selection for Data-Efficient Direct Policy Search},
  author={Pautrat, R{\'e}mi and Chatzilygeroudis, Konstantinos and Mouret, Jean-Baptiste},
  journal={arXiv preprint arXiv:1709.06919},
  year={2017}
}

@inproceedings{calandra2014bayesian,
  title={Bayesian gait optimization for bipedal locomotion},
  author={Calandra, Roberto and Gopalan, Nakul and Seyfarth, Andr{\'e} and Peters, Jan and Deisenroth, Marc Peter},
  booktitle={International Conference on Learning and Intelligent Optimization},
  pages={274--290},
  year={2014},
  organization={Springer}
}